<?xml version="1.0" encoding="UTF-8"?><record xmlns="http://www.loc.gov/MARC21/slim" xmlns:cinclude="http://apache.org/cocoon/include/1.0" xmlns:zs="http://www.loc.gov/zing/srw/">
  <leader>00983cz  a2200229n  4500</leader>
  <controlfield tag="001">n  97050329 </controlfield>
  <controlfield tag="003">DLC</controlfield>
  <controlfield tag="005">19970513161852.0</controlfield>
  <controlfield tag="008">970513n| acaaaaaa|          |a ana |||  </controlfield>
  <datafield tag="010" ind1=" " ind2=" ">
    <subfield code="a">n  97050329 </subfield>
  </datafield>
  <datafield tag="040" ind1=" " ind2=" ">
    <subfield code="a">DLC</subfield>
    <subfield code="c">DLC</subfield>
    <subfield code="d">DLC</subfield>
  </datafield>
  <datafield tag="130" ind1=" " ind2="0">
    <subfield code="a">Serie Documentos Barrio Taller (Ciudad y hábitat)</subfield>
  </datafield>
  <datafield tag="430" ind1=" " ind2="0">
    <subfield code="a">Documentos Barrio Taller (Ciudad y hábitat)</subfield>
  </datafield>
  <datafield tag="430" ind1=" " ind2="0">
    <subfield code="a">Serie Ciudad y hábitat</subfield>
  </datafield>
  <datafield tag="430" ind1=" " ind2="0">
    <subfield code="a">Documentos Ciudad y hábitat</subfield>
  </datafield>
  <datafield tag="430" ind1=" " ind2="0">
    <subfield code="a">Ciudad y hábitat</subfield>
  </datafield>
  <datafield tag="642" ind1=" " ind2=" ">
    <subfield code="a">documento no. 2</subfield>
    <subfield code="5">DLC</subfield>
  </datafield>
  <datafield tag="643" ind1=" " ind2=" ">
    <subfield code="a">Santa Fe de Bogotá, D.F., Colombia</subfield>
    <subfield code="b">Barrio Taller</subfield>
  </datafield>
  <datafield tag="644" ind1=" " ind2=" ">
    <subfield code="a">f</subfield>
    <subfield code="5">DLC</subfield>
  </datafield>
  <datafield tag="645" ind1=" " ind2=" ">
    <subfield code="a">t</subfield>
    <subfield code="5">DLC</subfield>
  </datafield>
  <datafield tag="646" ind1=" " ind2=" ">
    <subfield code="a">s</subfield>
    <subfield code="5">DLC</subfield>
  </datafield>
  <datafield tag="670" ind1=" " ind2=" ">
    <subfield code="a">Una mirada a la periferia, 1996:</subfield>
    <subfield code="b">t.p. (Serie Documentos Barrio Taller (Ciudad y hábitat)) cover (Serie Documentos Barrio Taller (Ciudad y hábitat)) p. 6 (la serie Documentos Barrio Taller (Ciudad y hábitat)) p. 7 (esta segunda publicación de la Serie Ciudad y hábitat) pub. listing, p. 141 (Documentos Ciudad y hábitat)</subfield>
  </datafield>
</record>